<?xml version="1.0" encoding="UTF-8"?><collection xmlns="http://www.loc.gov/MARC21/slim"><record><leader>00450nam--2200133-i-4500</leader><controlfield tag="001">000029501</controlfield><controlfield tag="002">20161230</controlfield><controlfield tag="005">20161230201037</controlfield><controlfield tag="008">060222s1000------------r-----000-0-eng-d</controlfield><datafield ind1=" " ind2=" " tag="080"><subfield code="a">530.1(043):539.126(043)</subfield></datafield><datafield ind1=" " ind2=" " tag="100"><subfield code="a">Lacaze, Robert</subfield></datafield><datafield ind1=" " ind2=" " tag="245"><subfield code="a">Contribution a l`etude phenomenologique des amplitudes a toute energie et tout angle:unitarite, dualite et absortion.these</subfield></datafield><datafield ind1=" " ind2=" " tag="260"><subfield code="a">Paris, L`Universite De Paris Vi, 1972.94p. + 34p.Fig</subfield></datafield><datafield ind1=" " ind2=" " tag="852"><subfield code="a">40363</subfield></datafield></record></collection>